%YAML 1.1
%TAG !u! tag:unity3d.com,2011:
--- !u!1 &5879766532019527388
GameObject:
  m_ObjectHideFlags: 0
  m_CorrespondingSourceObject: {fileID: 0}
  m_PrefabInstance: {fileID: 0}
  m_PrefabAsset: {fileID: 0}
  serializedVersion: 6
  m_Component:
  - component: {fileID: 3364659765909444289}
  m_Layer: 0
  m_Name: PathModule1x1 0
  m_TagString: Ground
  m_Icon: {fileID: 0}
  m_NavMeshLayer: 0
  m_StaticEditorFlags: 0
  m_IsActive: 1
--- !u!4 &3364659765909444289
Transform:
  m_ObjectHideFlags: 0
  m_CorrespondingSourceObject: {fileID: 0}
  m_PrefabInstance: {fileID: 0}
  m_PrefabAsset: {fileID: 0}
  m_GameObject: {fileID: 5879766532019527388}
  serializedVersion: 2
  m_LocalRotation: {x: -0, y: -0, z: -0, w: 1}
  m_LocalPosition: {x: 1, y: 0, z: 0}
  m_LocalScale: {x: 1, y: 1, z: 1}
  m_ConstrainProportionsScale: 0
  m_Children:
  - {fileID: 2143867063392999876}
  - {fileID: 7237263018670703387}
  - {fileID: 8650689119852875973}
  m_Father: {fileID: 0}
  m_LocalEulerAnglesHint: {x: 0, y: 0, z: 0}
--- !u!1001 &1149683197247805605
PrefabInstance:
  m_ObjectHideFlags: 0
  serializedVersion: 2
  m_Modification:
    serializedVersion: 3
    m_TransformParent: {fileID: 3364659765909444289}
    m_Modifications:
    - target: {fileID: 1311943298340077921, guid: 9e46ec5852cc8ea45b144c3e4f27c2e9, type: 3}
      propertyPath: m_LocalPosition.x
      value: 0
      objectReference: {fileID: 0}
    - target: {fileID: 1311943298340077921, guid: 9e46ec5852cc8ea45b144c3e4f27c2e9, type: 3}
      propertyPath: m_LocalPosition.y
      value: 0
      objectReference: {fileID: 0}
    - target: {fileID: 1311943298340077921, guid: 9e46ec5852cc8ea45b144c3e4f27c2e9, type: 3}
      propertyPath: m_LocalPosition.z
      value: 0
      objectReference: {fileID: 0}
    - target: {fileID: 1311943298340077921, guid: 9e46ec5852cc8ea45b144c3e4f27c2e9, type: 3}
      propertyPath: m_LocalRotation.w
      value: 1
      objectReference: {fileID: 0}
    - target: {fileID: 1311943298340077921, guid: 9e46ec5852cc8ea45b144c3e4f27c2e9, type: 3}
      propertyPath: m_LocalRotation.x
      value: -0
      objectReference: {fileID: 0}
    - target: {fileID: 1311943298340077921, guid: 9e46ec5852cc8ea45b144c3e4f27c2e9, type: 3}
      propertyPath: m_LocalRotation.y
      value: -0
      objectReference: {fileID: 0}
    - target: {fileID: 1311943298340077921, guid: 9e46ec5852cc8ea45b144c3e4f27c2e9, type: 3}
      propertyPath: m_LocalRotation.z
      value: -0
      objectReference: {fileID: 0}
    - target: {fileID: 1311943298340077921, guid: 9e46ec5852cc8ea45b144c3e4f27c2e9, type: 3}
      propertyPath: m_LocalEulerAnglesHint.x
      value: 0
      objectReference: {fileID: 0}
    - target: {fileID: 1311943298340077921, guid: 9e46ec5852cc8ea45b144c3e4f27c2e9, type: 3}
      propertyPath: m_LocalEulerAnglesHint.y
      value: 0
      objectReference: {fileID: 0}
    - target: {fileID: 1311943298340077921, guid: 9e46ec5852cc8ea45b144c3e4f27c2e9, type: 3}
      propertyPath: m_LocalEulerAnglesHint.z
      value: 0
      objectReference: {fileID: 0}
    - target: {fileID: 3988102309054721308, guid: 9e46ec5852cc8ea45b144c3e4f27c2e9, type: 3}
      propertyPath: m_Name
      value: GroundCube (1)
      objectReference: {fileID: 0}
    - target: {fileID: 3988102309054721308, guid: 9e46ec5852cc8ea45b144c3e4f27c2e9, type: 3}
      propertyPath: m_TagString
      value: Ground
      objectReference: {fileID: 0}
    m_RemovedComponents: []
    m_RemovedGameObjects: []
    m_AddedGameObjects: []
    m_AddedComponents: []
  m_SourcePrefab: {fileID: 100100000, guid: 9e46ec5852cc8ea45b144c3e4f27c2e9, type: 3}
--- !u!4 &2143867063392999876 stripped
Transform:
  m_CorrespondingSourceObject: {fileID: 1311943298340077921, guid: 9e46ec5852cc8ea45b144c3e4f27c2e9, type: 3}
  m_PrefabInstance: {fileID: 1149683197247805605}
  m_PrefabAsset: {fileID: 0}
--- !u!1001 &7654323388443857316
PrefabInstance:
  m_ObjectHideFlags: 0
  serializedVersion: 2
  m_Modification:
    serializedVersion: 3
    m_TransformParent: {fileID: 3364659765909444289}
    m_Modifications:
    - target: {fileID: 1311943298340077921, guid: 9e46ec5852cc8ea45b144c3e4f27c2e9, type: 3}
      propertyPath: m_LocalPosition.x
      value: 0
      objectReference: {fileID: 0}
    - target: {fileID: 1311943298340077921, guid: 9e46ec5852cc8ea45b144c3e4f27c2e9, type: 3}
      propertyPath: m_LocalPosition.y
      value: 0
      objectReference: {fileID: 0}
    - target: {fileID: 1311943298340077921, guid: 9e46ec5852cc8ea45b144c3e4f27c2e9, type: 3}
      propertyPath: m_LocalPosition.z
      value: 2
      objectReference: {fileID: 0}
    - target: {fileID: 1311943298340077921, guid: 9e46ec5852cc8ea45b144c3e4f27c2e9, type: 3}
      propertyPath: m_LocalRotation.w
      value: 1
      objectReference: {fileID: 0}
    - target: {fileID: 1311943298340077921, guid: 9e46ec5852cc8ea45b144c3e4f27c2e9, type: 3}
      propertyPath: m_LocalRotation.x
      value: -0
      objectReference: {fileID: 0}
    - target: {fileID: 1311943298340077921, guid: 9e46ec5852cc8ea45b144c3e4f27c2e9, type: 3}
      propertyPath: m_LocalRotation.y
      value: -0
      objectReference: {fileID: 0}
    - target: {fileID: 1311943298340077921, guid: 9e46ec5852cc8ea45b144c3e4f27c2e9, type: 3}
      propertyPath: m_LocalRotation.z
      value: -0
      objectReference: {fileID: 0}
    - target: {fileID: 1311943298340077921, guid: 9e46ec5852cc8ea45b144c3e4f27c2e9, type: 3}
      propertyPath: m_LocalEulerAnglesHint.x
      value: 0
      objectReference: {fileID: 0}
    - target: {fileID: 1311943298340077921, guid: 9e46ec5852cc8ea45b144c3e4f27c2e9, type: 3}
      propertyPath: m_LocalEulerAnglesHint.y
      value: 0
      objectReference: {fileID: 0}
    - target: {fileID: 1311943298340077921, guid: 9e46ec5852cc8ea45b144c3e4f27c2e9, type: 3}
      propertyPath: m_LocalEulerAnglesHint.z
      value: 0
      objectReference: {fileID: 0}
    - target: {fileID: 3988102309054721308, guid: 9e46ec5852cc8ea45b144c3e4f27c2e9, type: 3}
      propertyPath: m_Name
      value: GroundCube
      objectReference: {fileID: 0}
    - target: {fileID: 3988102309054721308, guid: 9e46ec5852cc8ea45b144c3e4f27c2e9, type: 3}
      propertyPath: m_TagString
      value: Ground
      objectReference: {fileID: 0}
    m_RemovedComponents: []
    m_RemovedGameObjects: []
    m_AddedGameObjects: []
    m_AddedComponents: []
  m_SourcePrefab: {fileID: 100100000, guid: 9e46ec5852cc8ea45b144c3e4f27c2e9, type: 3}
--- !u!4 &8650689119852875973 stripped
Transform:
  m_CorrespondingSourceObject: {fileID: 1311943298340077921, guid: 9e46ec5852cc8ea45b144c3e4f27c2e9, type: 3}
  m_PrefabInstance: {fileID: 7654323388443857316}
  m_PrefabAsset: {fileID: 0}
--- !u!1001 &8528437963828462202
PrefabInstance:
  m_ObjectHideFlags: 0
  serializedVersion: 2
  m_Modification:
    serializedVersion: 3
    m_TransformParent: {fileID: 3364659765909444289}
    m_Modifications:
    - target: {fileID: 1311943298340077921, guid: 3cdf15948595e624f885676c7f74d849, type: 3}
      propertyPath: m_LocalPosition.x
      value: 0
      objectReference: {fileID: 0}
    - target: {fileID: 1311943298340077921, guid: 3cdf15948595e624f885676c7f74d849, type: 3}
      propertyPath: m_LocalPosition.y
      value: 0
      objectReference: {fileID: 0}
    - target: {fileID: 1311943298340077921, guid: 3cdf15948595e624f885676c7f74d849, type: 3}
      propertyPath: m_LocalPosition.z
      value: 1
      objectReference: {fileID: 0}
    - target: {fileID: 1311943298340077921, guid: 3cdf15948595e624f885676c7f74d849, type: 3}
      propertyPath: m_LocalRotation.w
      value: 1
      objectReference: {fileID: 0}
    - target: {fileID: 1311943298340077921, guid: 3cdf15948595e624f885676c7f74d849, type: 3}
      propertyPath: m_LocalRotation.x
      value: -0
      objectReference: {fileID: 0}
    - target: {fileID: 1311943298340077921, guid: 3cdf15948595e624f885676c7f74d849, type: 3}
      propertyPath: m_LocalRotation.y
      value: -0
      objectReference: {fileID: 0}
    - target: {fileID: 1311943298340077921, guid: 3cdf15948595e624f885676c7f74d849, type: 3}
      propertyPath: m_LocalRotation.z
      value: -0
      objectReference: {fileID: 0}
    - target: {fileID: 1311943298340077921, guid: 3cdf15948595e624f885676c7f74d849, type: 3}
      propertyPath: m_LocalEulerAnglesHint.x
      value: 0
      objectReference: {fileID: 0}
    - target: {fileID: 1311943298340077921, guid: 3cdf15948595e624f885676c7f74d849, type: 3}
      propertyPath: m_LocalEulerAnglesHint.y
      value: 0
      objectReference: {fileID: 0}
    - target: {fileID: 1311943298340077921, guid: 3cdf15948595e624f885676c7f74d849, type: 3}
      propertyPath: m_LocalEulerAnglesHint.z
      value: 0
      objectReference: {fileID: 0}
    - target: {fileID: 3988102309054721308, guid: 3cdf15948595e624f885676c7f74d849, type: 3}
      propertyPath: m_Name
      value: GroundCube 1
      objectReference: {fileID: 0}
    - target: {fileID: 3988102309054721308, guid: 3cdf15948595e624f885676c7f74d849, type: 3}
      propertyPath: m_TagString
      value: Ground
      objectReference: {fileID: 0}
    - target: {fileID: 7611135617276684329, guid: 3cdf15948595e624f885676c7f74d849, type: 3}
      propertyPath: m_Material
      value: 
      objectReference: {fileID: 6200000, guid: aef4296a160a0674aaa2b7832ace9d44, type: 2}
    m_RemovedComponents: []
    m_RemovedGameObjects: []
    m_AddedGameObjects: []
    m_AddedComponents: []
  m_SourcePrefab: {fileID: 100100000, guid: 3cdf15948595e624f885676c7f74d849, type: 3}
--- !u!4 &7237263018670703387 stripped
Transform:
  m_CorrespondingSourceObject: {fileID: 1311943298340077921, guid: 3cdf15948595e624f885676c7f74d849, type: 3}
  m_PrefabInstance: {fileID: 8528437963828462202}
  m_PrefabAsset: {fileID: 0}
